% BibTeX-Edit や Entry-Types を活用しよう．
% このサンプル(間違っても卒論に入れたりしないこと)を引用するときは
% \cite{mukai}と書く．
@Manual{xypoint,
  author = 	 "xypoint",
  title = 	 "{Nomad}",
  year = {2000},
  address = 	 "http://www.xypoint.com/",
}

@Manual{au,
  author = 	 "AU",
  title = 	 "{EZメール読み上げ}",
  year = {2006},
  address = 	 "http://www.au.kddi.com/ez\_mail\_yomiage/index.html",
}

@Manual{wordpress,
  author = 	 "WordPress",
  title = 	 "{}",
  year = {},
  address = 	 "http://ja.wordpress.org/",
}

@Manual{live,
  author = 	 "Livedoor",
  title = 	 "{LivedoorBlog}",
  year = {},
  address = 	 "http://blog.livedoor.com/",
}

@Manual{goo,
  author = 	 "goo",
  title = 	 "{gooブログ}",
  year = {},
  address = 	 "http://blog.goo.ne.jp/",
}

@Manual{ameba,
  author = 	 "Ameba",
  title = 	 "{アメーバブログ}",
  year = {},
  address = 	 "http://ameblo.jp/",
}

@Article{shinozawa,
  author = 	 {Kazuhiko Shinozawa, Futoshi Naya, Junji Yamato and Kiyoshi Kogure} ,
  title = 	 {Differences in Effect of Robot and Screen Agent Recommendations on Human Decision-Making},
  journal = 	 {International Journal of Human-Computer Studies},
  year = 	 {2005},
  key = 	 {},
  volume = 	 {},
  number = 	 {},
  pages = 	 {267-279},
  month =	 {},
  note = 	 {},
  annote = 	 {}
}

@Article{berger,
  author = 	 {Kenneth W.Berger and Gerald R.Popelka} ,
  title = 	 {Extra-Facial Gestures in Relation to Speechreading},
  journal = 	 {Journal of Communication Disorders},
  year = 	 {1971},
  key = 	 {},
  volume = 	 {},
  number = 	 {},
  pages = 	 {302-308},
  month =	 {},
  note = 	 {},
  annote = 	 {}
}
